@online{PWA,
	Author = {Alex Russell},
	Title = {What, Exactly, Makes Something A Progressive Web App?},
	Url = {https://infrequently.org/2016/09/what-exactly-makes-something-a-progressive-web-app/},
	Urldate = {2018-08-25},
	Year = {2016}
}

@online{Manifest,
	Author = {Matt Gaunt, Paul Kinlan},
	Title = {The Web App Manifest},
	Url = {https://developers.google.com/web/fundamentals/web-app-manifest/},
	Urldate = {2018-08-25},
	Year = {}
}
	
@online{ServiceWorker,
	Author = {Matt Gaunt},
	Title = {Service Workers: an Introduction},
	Url = {https://developers.google.com/web/fundamentals/primers/service-workers/},
	Urldate = {2018-08-25},
	Year = {}
}

@online{SwFuture,
	Author = {Jake Archibald},
	Title = {Introducing Background Sync},
	Url = {https://developers.google.com/web/updates/2015/12/background-sync},
	Urldate = {2018-08-25},
	Year = {2015}
}

@online{Compatibility,
	Author = { Muriel Santoni},
	Title = {Progressive Web Apps : Feature compatibility based on the browser},
	Url = {https://www.goodbarber.com/blog/progressive-web-apps-feature-compatibility-based-on-the-browser-a883/},
	Urldate = {2018-08-25},
	Year = {2018}
}
	
@online{Angular2,
	Author = {},
	Title = {Angular 2.0.0},
	Url = {https://github.com/angular/angular/blob/master/CHANGELOG.md#200-proprioception-reinforcement-2016-09-14},
	Urldate = {2018-09-06},
	Year = {2016}
}

@online{AngularNaming,
	Author = {Stephen Fluin},
	Title = {Branding Guidelines for Angular and AngularJS},
	Url = {https://blog.angularjs.org/2017/01/branding-guidelines-for-angular-and.html},
	Urldate = {2018-09-06},
	Year = {2017}
}

@online{AngularCLI,
	Author = {Stephen Fluin},
	Title = {Version 6 of Angular Now Available},
	Url = {https://blog.angular.io/version-6-of-angular-now-available-cc56b0efa7a4},
	Urldate = {2018-09-07},
	Year = {2018}
}
	
@online{ComponentTS,
	Author = {},
	Title = {Introduction to components},
	Url = {https://angular.io/guide/architecture-components},
	Urldate = {2018-09-07},
	Year = {2018}
}
	
@online{ComponentHTML,
	Author = {},
	Title = {Angular - Displaying Data},
	Url = {https://angular.io/guide/displaying-data},
	Urldate = {2018-09-07},
	Year = {2018}}
	
@online{AngularService,
	Author = {},
	Title = {Introduction to services and dependency injection},
	Url = {https://angular.io/guide/architecture-services},
	Urldate = {2018-09-07},
	Year = {2018}
}
	
@online{AngularModule,
	Author = {},
	Title = {Introduction to modules},
	Url = {https://angular.io/guide/architecture-modules},
	Urldate = {2018-09-07},
	Year = {2018}
}
	
@online{StructuralDirectives,
	Author = {},
	Title = {Structural Directives},
	Url = {https://angular.io/guide/structural-directives},
	Urldate = {2018-09-07},
	Year = {2018}
}
	
@online{AttributeDirectives,
	Author = {},
	Title = {Attribute Directives},
	Url = {https://angular.io/guide/attribute-directives},
	Urldate = {2018-09-07},
	Year = {2018}
}
	
@online{Pipe,
	Author = {},
	Title = {Pipes},
	Url = {https://angular.io/guide/pipes},
	Urldate = {2018-09-07},
	Year = {2018}
}

@online{oidc,
	Author = {Manfred Steyer},
	Title = {angular-oauth2-oidc},
	Url = {https://www.npmjs.com/package/angular-oauth2-oidc},
	Urldate = {2018-09-07},
	Year = {2018}
}

@online{barcode,
	Author = {Bryon Williams},
	Title = {ngx-barcode},
	Url = {https://www.npmjs.com/package/ngx-barcode},
	Urldate = {2018-09-07},
	Year = {2018}}
	
@online{TypeScript,
	Author = {},
	Title = {TypeScript},
	Url = {https://www.typescriptlang.org/},
	Urldate = {2018-09-07},
	Year = {2018}
}

@online{Types,
	Author = {},
	Title = {Basic Types},
	Url = {https://www.typescriptlang.org/docs/handbook/basic-types.html},
	Urldate = {2018-09-07},
	Year = {2018}
}

@online{OpenLayers,
	Author = {},
	Title = {OpenLayers},
	Url = {https://openlayers.org/},
	Urldate = {2018-09-07},
	Year = {2018}
}

@online{VirtualDom,
	Author = {},
	Title = {Virtual DOM and Internals},
	Url = {https://reactjs.org/docs/faq-internals.html#what-is-the-virtual-dom},
	Urldate = {2018-09-25},
	Year = {2018}
}

@online{ReactCli,
	Author = {Dan Abramov},
	Title = {Create Apps with No Configuration},
	Url = {https://reactjs.org/blog/2016/07/22/create-apps-with-no-configuration.html},
	Urldate = {2018-09-29},
	Year = {2016}
}

@online{VueSFC,
	Author = {},
	Title = {Single File Components},
	Url = {https://vuejs.org/v2/guide/single-file-components.html},
	Urldate = {2018-09-29},
	Year = {2018}
}

@online{ReactComponent,
	Author = {},
	Title = {Components and Props},
	Url = {https://reactjs.org/docs/components-and-props.html#rendering-a-component},
	Urldate = {2018-09-29},
	Year = {2018}
}

@online{ReactJSX,
	Author = {},
	Title = {Introducing JSX},
	Url = {https://reactjs.org/docs/introducing-jsx.html},
	Urldate = {2018-09-29},
	Year = {2018}
}

@online{ReactAdd,
	Author = {},
	Title = {Add React to a Website},
	Url = {https://reactjs.org/docs/add-react-to-a-website.html},
	Urldate = {2018-09-29},
	Year = {2018}
}

@online{VueComponent,
	Author = {},
	Title = {Components Basics},
	Url = {https://vuejs.org/v2/guide/components.html},
	Urldate = {2018-09-29},
	Year = {2018}
}

@online{RxJS,
	Author = {},
	Title = {The RxJS library},
	Url = {https://angular.io/guide/rx-library},
	Urldate = {2018-09-29},
	Year = {2018}
}

@online{Observables,
	Author = {},
	Title = {Observables in Angular},
	Url = {https://angular.io/guide/observables-in-angular},
	Urldate = {2018-09-29},
	Year = {2018}
}

@online{ObservableEvent,
	Author = {},
	Title = {Observables compared to other techniques},
	Url = {https://angular.io/guide/comparing-observables#observables-compared-to-events-api},
	Urldate = {2018-09-29},
	Year = {2018}
}

@online{IoC,
	Author = {Chinmaya Champatiray},
	Title = {Dependency Inversion Principle, IoC Container, and Dependency Injection},
	Url = {https://www.codeproject.com/Articles/465173/Dependency-Inversion-Principle-IoC-Container-Depen},
	Urldate = {2018-10-03},
	Year = {2014}
}

@online{CoreModule,
	Author = {},
	Title = {Providing services in modules vs. components},
	Url = {https://angular.io/guide/providers#providing-services-in-modules-vs-components},
	Urldate = {2018-10-06},
	Year = {2018}
}

@online{Xamarin,
	Author = {},
	Title = {Visual Studio-Tools f√ºr Xamarin},
	Url = {https://visualstudio.microsoft.com/de/xamarin/},
	Urldate = {2018-10-03},
	Year = {2018}
}

@online{Phonegapp,
	Author = {},
	Title = {Build amazing mobile apps powered by open web tech.},
	Url = {https://phonegap.com/},
	Urldate = {2018-10-03},
	Year = {2018}
}

@online{Vue,
	Author = {Evan Yu},
	Title = {FIRST WEEK OF LAUNCHING VUE.JS},
	Url = {http://blog.evanyou.me/2014/02/11/first-week-of-launching-an-oss-project/},
	Urldate = {2018-09-29},
	Year = {2014}
}
@online{Data-Binding,
	Author = {},
	Title = {Data binding},
	Url = {https://angular.io/guide/architecture-components\#data-binding},
	Urldate = {2018-09-30},
	Year = {2018}
}

@online{SPA,
	Author = {Mike Wasson },
	Title = {ASP.NET - Single-Page Applications: Build Modern, Responsive Web Apps with ASP.NET},
	Url = {https://msdn.microsoft.com/en-us/magazine/dn463786.aspx},
	Urldate = {2018-09-30},
	Year = {2013}
}

@online{RouterOutlet,
	Author = {},
	Title = {Add the Router Outlet},
	Url = {https://angular.io/guide/router\#add-the-router-outlet},
	Urldate = {2018-09-30},
	Year = {2018}
}

@online{Architecture,
	Author = {},
	Title = {Architecture overview},
	Url = {https://angular.io/guide/architecture\#whats-next},
	Urldate = {2018-09-30},
	Year = {2018}
}

@online{CORSImg,
	Author = {},
	Title = {Cross-Origin Resource Sharing (CORS)},
	Url = {https://docs.aws.amazon.com/sdk-for-javascript/v2/developer-guide/cors.html},
	Urldate = {2018-10-3},
	Year = {2018}
}

@online{SW-Config,
	Author= {},
	Title = {Service worker configuration},
	Url = {https://angular.io/guide/service-worker-config},
	Urldate = {2018-10-8},
	Year = {2018}
}

@online{FrameVsLib,
	Author= {Andreas Domin},
	Title = {Library vs. Framework: Das sind die Unterschiede},
	Url = {https://t3n.de/news/library-vs-framework-unterschiede-1022753/},
	Urldate = {2018-09-30},
	Year = {2018}
}

@online{AngularReactVue,
	Author= {Jens Neuhaus},
	Title = {Angular vs. React vs. Vue: A 2017 comparison},
	Url = {https://medium.com/unicorn-supplies/angular-vs-react-vs-vue-a-2017-comparison-c5c52d620176},
	Urldate = {2018-09-30},
	Year = {2017}
}

@book{CORSiA,
	Author = {MONSUR HOSSAIN},
	Publisher = {Manning Publications},
	Title = {CORS in Action - Creating and consuming cross-origin APIs},
	Year = {2014}}
